@misc{DALLEmini,
author = {Dayma, Boris and Patil, Suraj and Cuenca, Pedro and Saifullah, Khalid and Abraham, Tanishq and Lê Khắc, Phúc and Melas, Luke and Ghosh, Ritobrata},
doi = {10.5281/zenodo.5146400},
month = {7},
title = {DALL·E Mini},
url = {https://github.com/borisdayma/dalle-mini},
year = {2021}
}

@misc{undersevedNLP,
      title={Systematic Inequalities in Language Technology Performance across the World's Languages}, 
      author={Damián Blasi and Antonios Anastasopoulos and Graham Neubig},
      year={2021},
      eprint={2110.06733},
      archivePrefix={arXiv},
      primaryClass={cs.CL}
}

@inproceedings{bayesianAL,
  title={Deep bayesian active learning with image data},
  author={Gal, Yarin and Islam, Riashat and Ghahramani, Zoubin},
  booktitle={International Conference on Machine Learning},
  pages={1183--1192},
  year={2017},
  organization={PMLR}
}

@inproceedings{BatchBALD,
 author = {Kirsch, Andreas and van Amersfoort, Joost and Gal, Yarin},
 booktitle = {Advances in Neural Information Processing Systems},
 editor = {H. Wallach and H. Larochelle and A. Beygelzimer and F. d\textquotesingle Alch\'{e}-Buc and E. Fox and R. Garnett},
 pages = {},
 publisher = {Curran Associates, Inc.},
 title = {BatchBALD: Efficient and Diverse Batch Acquisition for Deep Bayesian Active Learning},
 url = {https://proceedings.neurips.cc/paper/2019/file/95323660ed2124450caaac2c46b5ed90-Paper.pdf},
 volume = {32},
 year = {2019}
}

@misc{DALLE,
      title={Zero-Shot Text-to-Image Generation}, 
      author={Aditya Ramesh and Mikhail Pavlov and Gabriel Goh and Scott Gray and Chelsea Voss and Alec Radford and Mark Chen and Ilya Sutskever},
      year={2021},
      eprint={2102.12092},
      archivePrefix={arXiv},
      primaryClass={cs.CV}
}

@misc{CLIP,
      title={Learning Transferable Visual Models From Natural Language Supervision}, 
      author={Alec Radford and Jong Wook Kim and Chris Hallacy and Aditya Ramesh and Gabriel Goh and Sandhini Agarwal and Girish Sastry and Amanda Askell and Pamela Mishkin and Jack Clark and Gretchen Krueger and Ilya Sutskever},
      year={2021},
      eprint={2103.00020},
      archivePrefix={arXiv},
      primaryClass={cs.CV}
}

@article{MQAN,
  author    = {Bryan McCann and
               Nitish Shirish Keskar and
               Caiming Xiong and
               Richard Socher},
  title     = {The Natural Language Decathlon: Multitask Learning as Question Answering},
  journal   = {CoRR},
  volume    = {abs/1806.08730},
  year      = {2018},
  url       = {http://arxiv.org/abs/1806.08730},
  eprinttype = {arXiv},
  eprint    = {1806.08730},
  timestamp = {Mon, 13 Aug 2018 16:49:05 +0200},
  biburl    = {https://dblp.org/rec/journals/corr/abs-1806-08730.bib},
  bibsource = {dblp computer science bibliography, https://dblp.org}
}

@article{T_five,
  title={Exploring the limits of transfer learning with a unified text-to-text transformer},
  author={Raffel, Colin and Shazeer, Noam and Roberts, Adam and Lee, Katherine and Narang, Sharan and Matena, Michael and Zhou, Yanqi and Li, Wei and Liu, Peter J},
  journal={arXiv preprint arXiv:1910.10683},
  year={2019}
}

@misc{T_zero,
      title={Multitask Prompted Training Enables Zero-Shot Task Generalization},
      author={Victor Sanh and Albert Webson and Colin Raffel and Stephen H. Bach and Lintang Sutawika and Zaid Alyafeai and Antoine Chaffin and Arnaud Stiegler and Teven Le Scao and Arun Raja and Manan Dey and M Saiful Bari and Canwen Xu and Urmish Thakker and Shanya Sharma Sharma and Eliza Szczechla and Taewoon Kim and Gunjan Chhablani and Nihal Nayak and Debajyoti Datta and Jonathan Chang and Mike Tian-Jian Jiang and Han Wang and Matteo Manica and Sheng Shen and Zheng Xin Yong and Harshit Pandey and Rachel Bawden and Thomas Wang and Trishala Neeraj and Jos Rozen and Abheesht Sharma and Andrea Santilli and Thibault Fevry and Jason Alan Fries and Ryan Teehan and Stella Biderman and Leo Gao and Tali Bers and Thomas Wolf and Alexander M. Rush},
      year={2021},
      eprint={2110.08207},
      archivePrefix={arXiv},
      primaryClass={cs.LG}
}

@misc{XLSR,
      title={XLS-R: Self-supervised Cross-lingual Speech Representation Learning at Scale}, 
      author={Arun Babu and Changhan Wang and Andros Tjandra and Kushal Lakhotia and Qiantong Xu and Naman Goyal and Kritika Singh and Patrick von Platen and Yatharth Saraf and Juan Pino and Alexei Baevski and Alexis Conneau and Michael Auli},
      year={2021},
      eprint={2111.09296},
      archivePrefix={arXiv},
      primaryClass={cs.CL}
}

@misc{multilingual_1,
      title={Few-shot Learning with Multilingual Language Models}, 
      author={Xi Victoria Lin and Todor Mihaylov and Mikel Artetxe and Tianlu Wang and Shuohui Chen and Daniel Simig and Myle Ott and Naman Goyal and Shruti Bhosale and Jingfei Du and Ramakanth Pasunuru and Sam Shleifer and Punit Singh Koura and Vishrav Chaudhary and Brian O'Horo and Jeff Wang and Luke Zettlemoyer and Zornitsa Kozareva and Mona Diab and Veselin Stoyanov and Xian Li},
      year={2021},
      eprint={2112.10668},
      archivePrefix={arXiv},
      primaryClass={cs.CL}
}

@misc{multilingual_2,
      title={Facebook AI WMT21 News Translation Task Submission}, 
      author={Chau Tran and Shruti Bhosale and James Cross and Philipp Koehn and Sergey Edunov and Angela Fan},
      year={2021},
      eprint={2108.03265},
      archivePrefix={arXiv},
      primaryClass={cs.CL}
}

@misc{netflix_1,
  doi = {10.48550/ARXIV.2103.13420},
  
  url = {https://arxiv.org/abs/2103.13420},
  
  author = {Xu, Jingxi and Tang, Da and Jebara, Tony},
  
  keywords = {Machine Learning (cs.LG), Artificial Intelligence (cs.AI), FOS: Computer and information sciences, FOS: Computer and information sciences},
  
  title = {Active Multitask Learning with Committees},
  
  publisher = {arXiv},
  
  year = {2021},
  
  copyright = {arXiv.org perpetual, non-exclusive license}
}

@misc{netflix_2,
  doi = {10.48550/ARXIV.2106.08513},
  
  url = {https://arxiv.org/abs/2106.08513},
  
  author = {Kalayeh, Mahdi M. and Kamath, Nagendra and Liu, Lingyi and Chandrashekar, Ashok},
  
  keywords = {Computer Vision and Pattern Recognition (cs.CV), FOS: Computer and information sciences, FOS: Computer and information sciences},
  
  title = {Watching Too Much Television is Good: Self-Supervised Audio-Visual Representation Learning from Movies and TV Shows},
  
  publisher = {arXiv},
  
  year = {2021},
  
  copyright = {Creative Commons Attribution Non Commercial Share Alike 4.0 International}
}
